@article{dekker_cascading_2018,
	title = {Cascading transitions in the climate system},
	volume = {9},
	url = {https://esd.copernicus.org/articles/9/1243/2018/},
	doi = {10.5194/esd-9-1243-2018},
	number = {4},
	journal = {Earth System Dynamics},
	author = {Dekker, M. M. and von der Heydt, A. S. and Dijkstra, H. A.},
	year = {2018},
	pages = {1243--1260},
}
